<?xml version="1.0" encoding="UTF-8"?><record xmlns="http://www.loc.gov/MARC21/slim" xmlns:cinclude="http://apache.org/cocoon/include/1.0" xmlns:zs="http://www.loc.gov/zing/srw/">
  <leader>00360cz  a2200121n  4500</leader>
  <controlfield tag="001">n 2007031172</controlfield>
  <controlfield tag="003">DLC</controlfield>
  <controlfield tag="005">20070504075005.0</controlfield>
  <controlfield tag="008">070503n| acannaabn          |n aaa      </controlfield>
  <datafield tag="010" ind1=" " ind2=" ">
    <subfield code="a">n 2007031172</subfield>
  </datafield>
  <datafield tag="040" ind1=" " ind2=" ">
    <subfield code="a">DLC</subfield>
    <subfield code="b">eng</subfield>
    <subfield code="c">DLC</subfield>
  </datafield>
  <datafield tag="100" ind1="1" ind2=" ">
    <subfield code="a">Cleaver, Dudley</subfield>
  </datafield>
  <datafield tag="670" ind1=" " ind2=" ">
    <subfield code="a">Kipling, Rudyard. Departmental ditties, and other verses, 1897:</subfield>
    <subfield code="b">t.p. (illustrations by Dudley Cleaver)</subfield>
  </datafield>
</record>